% Encoding: UTF-8

@Incollection{KuhlZedler2012a,
  author     = {Adrian Kuhl and Andrea Zedler},
  gender     = {pp},
  title      = {Wissenschaftliche Arbeitstechniken: Von der Themenstellung zur Abschlussarbeit},
  pages      = {19 - 111},
  shorttitle = {Wissenschaftliche Arveitstechniken, 2011},
  crossref   = {KnausZedler2012a},
  language   = {german},
  note       = {Print},
}

@Incollection{Sweers2012a,
  author     = {Britta Sweers},
  gender     = {sf},
  title      = {[Ethnomusikologie:] Arbeitstechniken und Methoden},
  pages      = {203 - 240},
  shorttitle = {[Ethnomusikologie:] Arbeitstechniken und Methoden, 2012},
  crossref   = {KnausZedler2012a},
  language   = {german},
  note       = {Print},
}

@Incollection{Grupe2012a,
  author     = {Gerd Grupe},
  gender     = {sm},
  title      = {[Ethnomusikologie:] Einführung und Standortbestimmung},
  pages      = {195 - 202},
  shorttitle = {[Ethnomusikologie:] Einführung und Standortbestimmung, 2012},
  crossref   = {KnausZedler2012a},
  language   = {german},
  note       = {Print},
}

@Incollection{OerBru1998a,
  author     = {Rolf Oerter and Herbert Bruhn},
  gender     = {pm},
  title      = {Musizieren},
  pages      = {313 - 329},
  shorttitle = {Musizieren, 1989},
  crossref   = {BruRoe1998a},
  language   = {german},
  note       = {Print},
}

@Online{UbFaM2018a,
  author     = {Goethe-Universität},
  date       = {2019},
  gender     = {pn},
  title      = {[Portal der] Universitätsbibliothek Frankfurt a.M.},
  url        = {http://www.ub.uni-frankfurt.de/},
  owner      = {reincke},
  shorttitle = {Homepage UB FaM},
  timestamp  = {2011.06.21},
  year       = {2018},
}

@Collection{KnausZedler2012a,
  title      = {Musikwissenschaft studieren},
  editor     = {Kordula Knaus and Andrea Zedler},
  gender     = {pf},
  location   = {München},
  date       = {2012},
  shorttitle = {Musikwissenschaft studieren, 2012},
  subtitle   = {Arbeitstechnische und methodische Grundlagen},
  isbn       = {978-3-8316-4140-6},
  publisher  = {Herbert Utz Verlag},
  language   = {german},
  note       = {Print},
  owner      = {Karsten Reincke},
}

@Collection{BruRoe1998a,
  title      = {Musikwissenschaft},
  editor     = {Herbert Bruhn and Helmut Rösing},
  gender     = {pm},
  location   = {Reinbek bei Hamburg},
  date       = {1998},
  shorttitle = {Musikwissenschaft 1998},
  subtitle   = {Ein Grundkurs},
  isbn       = {3499555824},
  publisher  = {Rowohlt},
  series     = {rowohlts enzyklopädie},
  language   = {german},
  note       = {Print},
}

@Book{Havas1989a,
  author     = {Kato Havas},
  gender     = {sf},
  title      = {Lampenfieber},
  location   = {Köln, Wien u. London},
  date       = {1989},
  shorttitle = {Lampenfieber, 1989},
  subtitle   = {Ursachen und Überwindung unter Berücksichtigung des Violinspiels},
  translator = {Kitty Rokos and {Doris im Schlaa}},
  isbn       = {3-920127-07-2},
  publisher  = {Bosworth \& Co},
  language   = {german},
  note       = {Print},
}

@Book{Meischein2011a,
  author     = {Meischein},
  gender     = {sm},
  title      = {Einführung in die historische Musikwissenschaft},
  location   = {Köln},
  date       = {2011},
  shorttitle = {Einführung in die historische Musikwissenschaft, 2011},
  titleaddon = {mit Beiträgen von Tobias Klein},
  isbn       = {978-3-936655-95-7},
  publisher  = {Dohr},
  language   = {german},
  note       = {Print},
}

@Book{Mantel2005a,
  author     = {Gerhard Mantel},
  gender     = {sm},
  title      = {Intonation},
  location   = {Mainz},
  date       = {2005},
  shorttitle = {Intonation, 2005},
  subtitle   = {Spielräume für Streicher},
  isbn       = {3-7957-8729-7},
  publisher  = {Schott},
  series     = {Studienbuch Musik},
  annotation = {Ein Buch, das die Grenzen der systematischen Tonalität anhand der Intonation bei Streichinstrumenten verdeutlicht: um sauber zu spielen, muss man an der richtigen Stellen auf die richtige Weise falsch spielen.},
  language   = {german},
  note       = {Print},
  owner      = {reincke},
  timestamp  = {2018.12.07},
}

@Book{Delamotte2011a,
  author     = {Diether de la Motte},
  gender     = {sm},
  title      = {Harmonielehre},
  location   = {München, Kassel [... u.a.O.]},
  date       = {2011},
  shorttitle = {Harmonielehre, 2011},
  edition    = {16},
  isbn       = {978-3-7618-2115-2},
  publisher  = {Bärenreiter Verlag \& DTV},
  annotation = {Nach Grabner das nächste, kommende Jahrhundertwerk zur Harmonieanalyse, das mit seiner Verlagerung des Schwerpunktes in die Funktionstheorie einen wesentlichen Fortschritt gegenüber älteren Lehrwerken bedeutete.},
  language   = {german},
  note       = {Print},
  owner      = {reincke},
  timestamp  = {2018.12.07},
}

@Book{Grabner1974a,
  author     = {Hermann Grabner},
  gender     = {sm},
  title      = {Allgemeine Musiklehre},
  location   = {Kassel, Basel [... u.a.O.]},
  date       = {1974},
  shorttitle = {Allgemeine Musiklehre, 1974},
  titleaddon = {mit einem Nachtrag v. Diether de la Motte},
  edition    = {11},
  isbn       = {3-7618-0061-4},
  publisher  = {Bärenreiter Verlag},
  annotation = {Das Standardwerk der Musikanalyse, das nicht erst heute mit hoher Auflagennummer erscheint, sondern auch schon vor 50 Jahren so erschienen ist - also im wahrsten Sinne des Wortes: ein Jahrhundertwerk.},
  language   = {german},
  note       = {Print},
  owner      = {reincke},
  timestamp  = {2018.12.07},
}

@Book{GarSpr2018a,
  author     = {Matthew Gardner and Sara Springfeld},
  gender     = {pp},
  title      = {Musikwissenschaftliches Arbeiten. Eine Ein\-füh\-rung},
  location   = {Kassel},
  date       = {2018},
  shorttitle = {Musikwissenschaftliches Arbeiten, 2018},
  edition    = {2.},
  isbn       = {978-3-7618-2249-4},
  publisher  = {Bärenreiter-Verlag},
  series     = {Bärenreiter Studien\-bücher Musik},
  annotation = {Die aktuellste Einführung in die Musikwissenschaft},
  language   = {german},
  note       = {Print},
  year       = {2018},
}

@Book{Kraemer2009a,
  author     = {Thomas Krämer},
  gender     = {sm},
  title      = {Harmonielehre im Selbststudium},
  location   = {Wiesbaden, Leipzip u. Paris},
  date       = {2009},
  shorttitle = {Harmonielehre, 2009},
  edition    = {5},
  isbn       = {978-3-7651-0261-5},
  publisher  = {Breitkopf \& Härtel},
  annotation = {Das 'Übungsbuch' zum neueren 'Lehrbuch der harmonischen Analyse' - sozusagen.},
  language   = {german},
  note       = {Print},
  owner      = {reincke},
  timestamp  = {2018.12.07},
}

@Book{Kraemer2012a,
  author     = {Thomas Krämer},
  gender     = {sm},
  title      = {Lehrbuch der harmonischen Analyse.},
  location   = {Wiesbaden, Leipzip u. Paris},
  date       = {2012},
  shorttitle = {Lehrbuch der harmonischen Analyse, 2012},
  titleaddon = {2., verbesserte Aufl.},
  isbn       = {978-3-7651-0305-6},
  publisher  = {Breitkopf \& Härtel},
  annotation = {Ein neueres Lehrbuch, das die Zusammenhänge der Tonalität zugänglich macht.},
  language   = {german},
  note       = {Print},
  owner      = {reincke},
  timestamp  = {2018.12.07},
  year       = {2012},
}

@Book{Michels1980a,
  author     = {Ulrich Michels},
  gender     = {sm},
  title      = {dtv-Atlas zur Musik. Tafeln und Texte},
  location   = {München, Kassel [... u.a.O.]},
  date       = {1980},
  shorttitle = {dtv-Atlas zur Musik, 1980},
  titleaddon = {Systematischer Teil [u.] Historischer Teil: Von den Anfängen bis zur Renaissance},
  edition    = {5},
  isbn       = {3-423-03022-4},
  publisher  = {DTV \& Bärenreiter Verlag},
  annotation = {Auch ein Standardwerk für alles, was zur systematischen Musiktheorie gehört.},
  language   = {german},
  note       = {Print},
  owner      = {reincke},
  timestamp  = {2018.12.07},
  year       = {1980},
}

@Book{Holst2009a,
  author     = {Imogen Holst},
  gender     = {sf},
  title      = {Das ABC der Musik},
  location   = {Stuttgart},
  date       = {2009},
  shorttitle = {Das ABC der Musik, 2009},
  subtitle   = {Grundbegriffe, Harmonik, Formen, Instrumente},
  titleaddon = {mit einem Vorwort v. Benjamin Britten; aus dem Englischen übersetzt v. Meinhard Saremba},
  edition    = {7.},
  isbn       = {978-3-15-018681-7},
  series     = {Reclam Sachbuch RUB 18681},
  language   = {german},
  note       = {Print},
}

@Book{Jonen2018a,
  author     = {Kurt Jonen},
  gender     = {sm},
  title      = {Allgemeine Musiklehre},
  location   = {Stuttgart},
  date       = {2018},
  shorttitle = {Allgemeine Musiklehre, 2018},
  edition    = {24.},
  isbn       = {978-3-15-019564-2},
  publisher  = {Reclam Verlag},
  series     = {Reclam Sachbuch premium RUB 19564},
  language   = {german},
  note       = {Print},
}

@Book{2019a,
  author     = {Peter Petersen},
  gender     = {sm},
  title      = {Isolde und Tristan},
  location   = {Würzburg},
  date       = {2019},
  shorttitle = {Isolde und Tristan, 2019},
  subtitle   = {Zur musikalischen Identität der Hauptfiguren in Richard Wagners 'Handlung' Tristan und Isolde},
  isbn       = {978-3-8260-6796-9},
  publisher  = {Königshausen \& Neumann},
  language   = {german},
  note       = {Print},
}

@Collection{CalUrb2013a,
  title      = {Historische Musikwissenschaft},
  editor     = {Michel Calella and Nikolaus Urbanek},
  gender     = {pp},
  location   = {Stuttgart u. Weimar},
  date       = {2013},
  shorttitle = {Historische Musikwissenschaft, 2013},
  subtitle   = {Grundlagen und Perspektiven},
  isbn       = {978-3-476-02462-6},
  publisher  = {Metzler},
  language   = {german},
  note       = {Print},
}

@Comment{jabref-meta: databaseType:biblatex;}
